<record xmlns="http://www.loc.gov/MARC21/slim" xmlns:xsi="http://www.w3.org/2001/XMLSchema-instance" xsi:schemaLocation="http://www.loc.gov/MARC21/slim http://www.loc.gov/standards/marcxml/schema/MARC21slim.xsd"><leader>02158nam a2200337   4500</leader><controlfield tag="001">002803859</controlfield><controlfield tag="003">NNU</controlfield><controlfield tag="006">m        d        </controlfield><controlfield tag="007">cr cn |||m|||a</controlfield><controlfield tag="008">150223s1985    ir      o     000 0 araod</controlfield><datafield ind1=" " ind2=" " tag="040"><subfield code="a">NNU</subfield><subfield code="b">eng</subfield><subfield code="c">NNU</subfield></datafield><datafield ind1="1" ind2=" " tag="100"><subfield code="6">880-01</subfield><subfield code="a">Ibn al-Athi&#772;r, Majd al-Di&#772;n al-Muba&#772;rak ibn Muh&#803;ammad,</subfield><subfield code="d">1149-1209.</subfield></datafield><datafield ind1="1" ind2="3" tag="245"><subfield code="6">880-02</subfield><subfield code="a">al-Niha&#772;yah fi&#772; ghari&#772;b al-h&#803;adi&#772;th wa-al-athar</subfield><subfield code="h">[electronic resource] /</subfield><subfield code="c">li-Majd al-Di&#772;n Abi&#772; al-Sa&#699;a&#772;da&#772;t al-Muba&#772;rak ibn Muh&#803;ammad al-Jazari&#772; Ibn al-Athi&#772;r ;tah&#803;qi&#772;q-i T&#803;a&#772;hir Ah&#803;mad al-Zawi&#772;, Mah&#803;mu&#772;d Muh&#803;ammad al-T&#803;ana&#772;h&#803;i&#772;.</subfield></datafield><datafield ind1=" " ind2=" " tag="260"><subfield code="6">880-03</subfield><subfield code="a">Qum, I&#772;ra&#772;n :</subfield><subfield code="b">Mu&#700;assasat Isma&#772;&#699;i&#772;l&#299;ya&#772;n,</subfield><subfield code="c">1364 [1984 or 85]</subfield></datafield><datafield ind1=" " ind2=" " tag="300"><subfield code="a">online resource (5v.)</subfield></datafield><datafield ind1=" " ind2=" " tag="500"><subfield code="a">Part of the Arabic Collections Online (ACO) project, contributed by New York Univeristy Libraries.</subfield></datafield><datafield ind1=" " ind2=" " tag="533"><subfield code="a">Electronic reproduction.</subfield><subfield code="b">New York, N.Y. :</subfield><subfield code="c">New York University,</subfield><subfield code="d">2015.</subfield><subfield code="5">NNU</subfield></datafield><datafield ind1=" " ind2="0" tag="650"><subfield code="a">Hadith</subfield><subfield code="x">Dictionaries.</subfield></datafield><datafield ind1=" " ind2="0" tag="650"><subfield code="a">Arabic language</subfield><subfield code="v">Dictionaries</subfield><subfield code="x">Dictionaries.</subfield></datafield><datafield ind1=" " ind2="7" tag="650"><subfield code="a">Arabic language.</subfield><subfield code="2">fast</subfield><subfield code="0">(OCoLC)fst00812287</subfield></datafield><datafield ind1=" " ind2="7" tag="650"><subfield code="a">Hadith.</subfield><subfield code="2">fast</subfield><subfield code="0">(OCoLC)fst00950112</subfield></datafield><datafield ind1=" " ind2="7" tag="655"><subfield code="a">Dictionaries.</subfield><subfield code="2">fast</subfield><subfield code="0">(OCoLC)fst01423826</subfield></datafield><datafield ind1="2" ind2=" " tag="710"><subfield code="a">New York University.</subfield><subfield code="b">Libraries.</subfield></datafield><datafield ind1="0" ind2=" " tag="730"><subfield code="a">Arabic Collections Online.</subfield></datafield><datafield ind1="0" ind2="8" tag="776"><subfield code="i">Print version:</subfield><subfield code="a">Ibn al-Athi&#772;r, Majd al-Di&#772;n al-Muba&#772;rak ibn Muh&#803;ammad, 1149-1209.</subfield><subfield code="t">al-Niha&#772;yah fi&#772; ghari&#772;b al-h&#803;adi&#772;th wa-al-athar</subfield><subfield code="w">(NNU)002803859</subfield></datafield><datafield ind1="4" ind2="0" tag="856"><subfield code="u">http://hdl.handle.net/2333.1/z34tmr9q</subfield></datafield><datafield ind1="1" ind2=" " tag="880"><subfield code="6">100-01/</subfield><subfield code="a">&#1575;&#1576;&#1606; &#1575;&#1604;&#1571;&#1579;&#1610;&#1585;&#1548; &#1605;&#1580;&#1583; &#1575;&#1604;&#1583;&#1610;&#1606; &#1575;&#1604;&#1605;&#1576;&#1575;&#1585;&#1603; &#1576;&#1606; &#1605;&#1581;&#1605;&#1583;&#1548;</subfield><subfield code="d">1149-1209.</subfield></datafield><datafield ind1="1" ind2="2" tag="880"><subfield code="6">245-02/</subfield><subfield code="a">&#1575;&#1604;&#1606;&#1607;&#1575;&#1610;&#1577; &#1601;&#1610; &#1594;&#1585;&#1610;&#1576; &#1575;&#1604;&#1581;&#1583;&#1610;&#1579; &#1608;&#1575;&#1604;&#1571;&#1579;&#1585; /</subfield><subfield code="c">&#1604;&#1605;&#1580;&#1583; &#1575;&#1604;&#1583;&#1610;&#1606; &#1575;&#1576;&#1610; &#1575;&#1604;&#1587;&#1593;&#1575;&#1583;&#1575;&#1578; &#1575;&#1604;&#1605;&#1576;&#1575;&#1585;&#1603; &#1576;&#1606; &#1605;&#1581;&#1605;&#1583; &#1575;&#1604;&#1580;&#1586;&#1585;&#1610; &#1575;&#1576;&#1606; &#1575;&#1604;&#1571;&#1579;&#1610;&#1585; &#1563;&#1578;&#1581;&#1602;&#1610;&#1602; &#1591;&#1575;&#1607;&#1585; &#1575;&#1581;&#1605;&#1583; &#1575;&#1604;&#1586;&#1575;&#1608;&#1610;&#1548; &#1605;&#1581;&#1605;&#1608;&#1583; &#1605;&#1581;&#1605;&#1583; &#1575;&#1604;&#1591;&#1606;&#1575;&#1581;&#1610;.</subfield></datafield><datafield ind1=" " ind2=" " tag="880"><subfield code="6">260-03/</subfield><subfield code="a">&#1602;&#1605;&#1548; &#1575;&#1610;&#1585;&#1575;&#1606; :</subfield><subfield code="b">&#1605;&#1572;&#1587;&#1587;&#1577; &#1575;&#1587;&#1605;&#1575;&#1593;&#1610;&#1604;&#1610;&#1575;&#1606;&#1548;</subfield><subfield code="c">1364 [1984 or 85]</subfield></datafield><datafield ind1=" " ind2=" " tag="959"><subfield code="a">NNU</subfield><subfield code="b">WEB</subfield><subfield code="c">GENI</subfield><subfield code="t">0</subfield><subfield code="m">Electronic access</subfield><subfield code="s">01</subfield></datafield><datafield ind1=" " ind2=" " tag="999"><subfield code="i">NNU_002803859</subfield><subfield code="s">nyu_aco000177:V1</subfield><subfield code="s">nyu_aco000178:V2</subfield><subfield code="s">nyu_aco000179:V3</subfield><subfield code="s">nyu_aco000180:V4</subfield><subfield code="s">nyu_aco000181:V5</subfield></datafield></record>